@Book{Boyd2004,
  author = 	 {Stephen Boyd and Lieven Vandenberge},
  title = 	 {Convex Optimization},
  publisher = 	 {Cambridge University Press},
  year = 	 2004}

@Book{Murphy2012,
  author = 	 {Kevin P. Murphy},
  title = 	 {Machine Learning: A Probabilistic Perspective},
  publisher = 	 {MIT Press},
  year = 	 2012}

